<record><leader>00000cas a22000007a 4500</leader><controlfield tag="001">22334132</controlfield><controlfield tag="008">900905d19621964ohuwr ne      0    0eng d</controlfield><datafield ind1=" " ind2=" " tag="010"><subfield code="a">sn 90068972 </subfield></datafield><datafield ind1=" " ind2=" " tag="040"><subfield code="a">ONP</subfield><subfield code="b">eng</subfield><subfield code="c">ONP</subfield><subfield code="d">OCLCQ</subfield></datafield><datafield ind1=" " ind2=" " tag="042"><subfield code="a">msc</subfield></datafield><datafield ind1="0" ind2=" " tag="130"><subfield code="a">Brooklyn-Parma news (Parma, Ohio : 1962)</subfield></datafield><datafield ind1="1" ind2="0" tag="245"><subfield code="a">Brooklyn-Parma news.</subfield></datafield><datafield ind1=" " ind2=" " tag="260"><subfield code="a">Parma, Ohio :</subfield><subfield code="b">[s.n.],</subfield><subfield code="c">1962-1964.</subfield></datafield><datafield ind1=" " ind2=" " tag="300"><subfield code="a">v.</subfield></datafield><datafield ind1=" " ind2=" " tag="310"><subfield code="a">Weekly</subfield></datafield><datafield ind1="0" ind2=" " tag="362"><subfield code="a">Vol. 45, no. 27 (Nov. 15, 1962)-v. 47, no. 3 (May 28, 1964).</subfield></datafield><datafield ind1=" " ind2=" " tag="752"><subfield code="a">United States</subfield><subfield code="b">Ohio</subfield><subfield code="c">Cuyahoga</subfield><subfield code="d">Parma.</subfield></datafield><datafield ind1="0" ind2="4" tag="780"><subfield code="t">Brooklyn news (Cleveland, Ohio : 1956)</subfield><subfield code="w">(DLC)sn 90068970</subfield></datafield><datafield ind1="0" ind2="4" tag="780"><subfield code="t">Parma news (Cleveland, Ohio : 1957)</subfield><subfield code="w">(DLC)sn 90068971</subfield></datafield></record>